
@article{hill_modelling_2012,
	title = {Modelling tuberculosis trends in the {USA}},
	volume = {140},
	doi = {10.1017/S095026881100286X},
	number = {10},
	journal = {Epidemiology \& Infection},
	author = {Hill, A. N. and Becerra, J. E. and Castro, K. G.},
	year = {2012},
	keywords = {Incidence, mathematical modelling, tuberculosis},
	pages = {1862--1872},
	file = {Cambridge Journals Snapshot:/home/matthew/.mozilla/firefox/hcldviej.default/zotero/storage/W7T8QSA9/displayAbstract.html:text/html}
}

@techreport{miramontes_trends_2013,
	type = {Weekly},
	title = {Trends in Tuberculosis — United States, 2012},
	url = {http://www.cdc.gov/mmwr/preview/mmwrhtml/mm6211a2.htm},
	number = {62(11)},
	urldate = {2014-07-31},
	institution = {Centers for Disease Control and Prevention},
	author = {Miramontes, Roque and Navin, Thomas R. and Pratt, Robert and Price, Sandy F. and Lo, Terrence Q.},
	month = mar,
	year = {2013},
	pages = {201--205},
	file = {Snapshot:/home/matthew/.mozilla/firefox/hcldviej.default/zotero/storage/EIED4ZQA/mm6211a2.html:text/html}
}

@techreport{_who_2013,
	type = {Annually},
	title = {{WHO} {\textbar} Global tuberculosis report 2013},
	url = {http://www.who.int/tb/publications/global_report/en/},
	abstract = {Tuberculosis ({TB}): The global report on tuberculosis provides a comprehensive assessment of the tuberculosis epidemic and progress in implementing and ﬁnancing prevention, care and control.},
	urldate = {2014-07-31},
	institution = {World Health Organization},
	year = {2013},
	file = {Snapshot:/home/matthew/.mozilla/firefox/hcldviej.default/zotero/storage/XBWFJJXX/en.html:text/html}
}
